@article{raudenbush2000statistical,
  title={Statistical power and optimal design for multisite randomized trials.},
  author={Raudenbush, Stephen W and Liu, Xiaofeng},
  journal={Psychological methods},
  volume={5},
  number={2},
  pages={199},
  year={2000},
  publisher={American Psychological Association}
}