@article{armstrong2020robust,
  title={Robust empirical bayes confidence intervals},
  author={Armstrong, Timothy B and Koles{\'a}r, Michal and Plagborg-M{\o}ller, Mikkel},
  journal={arXiv preprint arXiv:2004.03448},
  year={2020}
}
@article{casella2012shrinkage,
  title={Shrinkage confidence procedures},
  author={Casella, George and Hwang, JT Gene},
  journal={Statistical Science},
  pages={51--60},
  year={2012},
  publisher={JSTOR}
}
@article{morris1983parametric,
  title={Parametric empirical Bayes inference: theory and applications},
  author={Morris, Carl N},
  journal={Journal of the American statistical Association},
  volume={78},
  number={381},
  pages={47--55},
  year={1983},
  publisher={Taylor \& Francis}
}
@article{raudenbush2000statistical,
  title={Statistical power and optimal design for multisite randomized trials.},
  author={Raudenbush, Stephen W and Liu, Xiaofeng},
  journal={Psychological methods},
  volume={5},
  number={2},
  pages={199},
  year={2000},
  publisher={American Psychological Association}
}
